@inproceedings{example,
    title = {Example},
    url = {http://example.com}
}